@article{5G_verticais,
  author    = {Syed Hasan Ahmed Kazmi and Faizan Qamar and Rizwan Hassan and others},
  title     = {{Survey on Joint Paradigm of 5G and SDN Emerging Mobile Technologies: Architecture, Security, Challenges and Research Directions}},
  journal   = {Wireless Personal Communications},
  year      = {2023},
  volume    = {130},
  pages     = {2753--2800},
  doi       = {10.1007/s11277-023-10402-7}
}

@incollection{marques2023desagregando,
  author       = {Daniel A. L. Marques and Fernando N. N. Farias and Fuad M. A. Junior and Daniel L. Feferman and Christian R. E. Rothenberg and Antônio J. G. Abelém and José F. Rezende},
  title        = {Desagregando e Softwarizando as Redes de Celulares e o Programa OpenRAN Brasil},
  booktitle    = {Jornada de Atualização em Informática 2023},
  editor       = {Alírio Santos de Sá and Weverton Luís da Costa Cordeiro},
  publisher    = {Sociedade Brasileira de Computação},
  year         = {2023},
  doi          = {10.5753/sbc.12853.0.5},
  url          = {https://doi.org/10.5753/sbc.12853.0.5}
}

@INPROCEEDINGS{5G_architecture,
  author={Vittal, Shwetha and Sarkar, Sourav and P S, Prashanth and A, Antony Franklin},
  booktitle={2021 17th International Conference on Network and Service Management (CNSM)}, 
  title={{A Zero Touch Emulation Framework for Network Slicing Management in a 5G Core Testbed}}, 
  year={2021},
  volume={},
  number={},
  pages={521-523},
  keywords={Enhanced mobile broadband;Automation;Network slicing;Buildings;Emulation;Massive machine type communications;Ultra reliable low latency communication},
  doi={10.23919/CNSM52442.2021.9615531}
}

@article{NFV_architecture,
title = {{A review on Virtualized Infrastructure Managers with management and orchestration features in NFV architecture}},
journal = {Computer Networks},
volume = {217},
pages = {109281},
year = {2022},
issn = {1389-1286},
doi = {10.1016/j.comnet.2022.109281},
author = {Karamjeet Kaur and Veenu Mangat and Krishan Kumar}
}

@article{Plane_Separation,
title = {{A survey on the architecture, application, and security of software defined networking: Challenges and open issues}},
journal = {Internet of Things},
volume = {12},
pages = {100289},
year = {2020},
issn = {2542-6605},
doi = {10.1016/j.iot.2020.100289},
author = {Kashif Nisar and Emilia Rosa Jimson and Mohd Hanafi Ahmad Hijazi and Ian Welch and Rosilah Hassan and Azana Hafizah Mohd Aman and Ali Hassan Sodhro and Sandeep Pirbhulal and Sohrab Khan},
keywords = {SDN, OpenFlow, Control plane, SDN security},
}

@ARTICLE{Recommended_SDN_Wireless,
  author={{IEEE Std 1930.1-2022}},
  journal={IEEE Std 1930.1-2022}, 
  title={{IEEE Recommended Practice for Software-Defined Networking (SDN) Based Middleware for Control and Management of Wireless Networks}}, 
  year={2022},
  volume={},
  number={},
  pages={1-119},
  keywords={IEEE Standards;Wireless networks;Radio access networks;Middleware;Radio access technologies;5G mobile communication;Software defined networking;fifth generation (5G);IEEE 802.11 WLAN;IEEE 802.22 WRAN;IEEE 1930.1;software-defined networking (SDN);network virtualization},
  doi={10.1109/IEEESTD.2022.9873864}
}

@ARTICLE{Network_Slicing,
  author={Ordonez-Lucena, Jose and Ameigeiras, Pablo and Lopez, Diego and Ramos-Munoz, Juan J. and Lorca, Javier and Folgueira, Jesus},
  journal={IEEE Communications Magazine}, 
  title={{Network Slicing for 5G with SDN/NFV: Concepts, Architectures, and Challenges}}, 
  year={2017},
  volume={55},
  number={5},
  pages={80-87},
  keywords={5G mobile communication;Wireless communication;Virtualization;Servers;Indium phosphide;III-V semiconductor materials;Software defined networking},
  doi={10.1109/MCOM.2017.1600935}
}